<record><leader>00000cas a22000007a 4500</leader><controlfield tag="001">26557609</controlfield><controlfield tag="008">920908d18741902ohuwn ne      0    0eng d</controlfield><datafield ind1=" " ind2=" " tag="010"><subfield code="a">sn 92063423 </subfield></datafield><datafield ind1=" " ind2=" " tag="040"><subfield code="a">ONP</subfield><subfield code="b">eng</subfield><subfield code="c">ONP</subfield><subfield code="d">OCLCQ</subfield><subfield code="d">OCLCF</subfield><subfield code="d">OCLCO</subfield></datafield><datafield ind1="1" ind2=" " tag="029"><subfield code="a">AU@</subfield><subfield code="b">000020706679</subfield></datafield><datafield ind1=" " ind2=" " tag="042"><subfield code="a">msc</subfield></datafield><datafield ind1=" " ind2=" " tag="043"><subfield code="a">n-us-oh</subfield></datafield><datafield ind1="0" ind2=" " tag="130"><subfield code="a">College transcript (Delaware, Ohio : 1874)</subfield></datafield><datafield ind1="1" ind2="4" tag="245"><subfield code="a">The College transcript.</subfield></datafield><datafield ind1="3" ind2="0" tag="246"><subfield code="a">O.W.U. transcript</subfield></datafield><datafield ind1="3" ind2="0" tag="246"><subfield code="a">OWU transcript</subfield></datafield><datafield ind1=" " ind2=" " tag="260"><subfield code="a">Delaware, Ohio :</subfield><subfield code="b">Ohio Wesleyan University, Ohio Wesleyan Female College,</subfield><subfield code="c">1874-1902.</subfield></datafield><datafield ind1=" " ind2=" " tag="300"><subfield code="a">v.</subfield></datafield><datafield ind1=" " ind2=" " tag="310"><subfield code="a">Weekly (during the academic year),</subfield><subfield code="b">Sept. 15, 1891-June 7, 1902</subfield></datafield><datafield ind1=" " ind2=" " tag="321"><subfield code="a">Semiweekly (during the academic year),</subfield><subfield code="b">Sept. 26, 1874-June 17, 1891</subfield></datafield><datafield ind1="0" ind2=" " tag="362"><subfield code="a">Vol. 8, no. 1 (Sept. 26, 1874)-v. 35, no. 31 (June 7, 1902).</subfield></datafield><datafield ind1=" " ind2=" " tag="500"><subfield code="a">Published as: The O.W.U. transcript, Oct. 1, 1892-Apr. 7, 1893.</subfield></datafield><datafield ind1=" " ind2="0" tag="650"><subfield code="a">Universities and colleges</subfield><subfield code="z">Ohio</subfield><subfield code="z">Delaware</subfield><subfield code="v">Newspapers.</subfield></datafield><datafield ind1=" " ind2="4" tag="651"><subfield code="a">Delaware (Ohio)</subfield><subfield code="v">Newspapers.</subfield></datafield><datafield ind1=" " ind2="4" tag="651"><subfield code="a">Delaware County (Ohio)</subfield><subfield code="v">Newspapers.</subfield></datafield><datafield ind1=" " ind2="7" tag="655"><subfield code="a">Newspapers.</subfield><subfield code="2">fast</subfield><subfield code="0">(OCoLC)fst01423814</subfield></datafield><datafield ind1=" " ind2="7" tag="650"><subfield code="a">Universities and colleges.</subfield><subfield code="2">fast</subfield><subfield code="0">(OCoLC)fst01161597</subfield></datafield><datafield ind1=" " ind2="7" tag="651"><subfield code="a">Ohio</subfield><subfield code="z">Delaware.</subfield><subfield code="2">fast</subfield><subfield code="0">(OCoLC)fst01207058</subfield></datafield><datafield ind1=" " ind2=" " tag="752"><subfield code="a">United States</subfield><subfield code="b">Ohio</subfield><subfield code="c">Delaware</subfield><subfield code="d">Delaware.</subfield></datafield><datafield ind1="0" ind2="0" tag="780"><subfield code="t">Western collegian (Delaware, Ohio : 1867)</subfield><subfield code="w">(DLC)sn 92063425</subfield></datafield><datafield ind1="0" ind2="0" tag="785"><subfield code="t">Ohio Wesleyan transcript</subfield><subfield code="w">(DLC)sn 92063424</subfield></datafield></record>